% !TeX root = main.tex
% !TeX spellcheck = en_US

@article{myers2013improving,
	title={Improving accuracy of cell and chromophore concentration measurements using optical density},
	author={Myers, John A. and Curtis, Brandon S. and Curtis, Wayne R.},
	authorfa={
مایر and کورتیس and کورتیس},
	journal={BMC Biophysics},
	volume={6},
	pages={4},
	year={2013}
}

@book{willey2008prescott,
	title={Prescott, Harley, and Klein's Microbiology},
	author={Willey, Joanne M. and Sherwood, Linda and Woolverton, Christopher J},
	authorfa={
وایلی and شرود and ولورتون},
	year={2008},
	publisher={McGraw-Hill}
}

@phdthesis{Mostafavi,
  author={Mostafavi Amjad, Jafar},
	authorfa={{مصطفوی~امجد}},
  title={Nucleation and Growth of Silver Clusters Inside the Matrix of a $\mathrm{Ag^+/Na^+}$ Ion-Exchanged Soda-Lime Glass as a Result of Interaction with $\mathrm{Ar^+}$ Laser Beam and Investigation af Induced Thermal and Quantum Effects},
  school={Institute for Advanced Studies in Basic Sciences (IASBS)},
  year={2012}
}

@mastersthesis{Iri,
  author={Iri, Latifeh},
	authorfa={ایری},
  title={Surface Plasmon Resonance of Silver Nanoparticles in the  $\mathrm{Ag^+/Na^+}$ Ion-Exchanged Soda-Lime Glass Matrix},
  school={Institute for Advanced Studies in Basic Sciences (IASBS)},
  year={2016}
}

@misc{thesis,
  author={{Wikipedia contributors}},
	authorfa={{مشارکت‌کنندگان ویکی‌پدیا}},
  title={Thesis},
  publisher={Wikipedia, The Free Encyclopedia},
  year={2025},
  note={Retrived in 2025 from wikipedia at \url{https://en.wikipedia.org/w/index.php?title=Thesis&oldid=1272158773}}
}

@mastersthesis{Ahangary2010,
  author={A. Ahangary},
	authorfa={آهنگری},
  title={Statistical Analysis of the Size Distribution of Silver Clusters Formed on the Surface of $\mathrm{Ag^+/Na^+}$ Ion-Exchanged Soda-Lime Glass as a Result of Interaction with High-Intensity $\mathrm{Ar^+}$ Laser Beam},
  school={Institute for Advanced Studies in Basic Sciences (IASBS)},
  year={2010}
}

@incollection{Wiscombe2005,
  title={Scales, tools and reminiscences},
  author={W. J. Wiscombe},
	authorfa={ویسکامب},
  booktitle={3D Radiative Transfer in Cloudy Atmospheres},
  editor={A. Marshak and A. B. Davis},
  pages={3--92},
  year={2005},
  publisher={Springer}
}

@mastersthesis{Irifa,
  author={\rl{لطیفه ایری}},
	authorfa={ایری},
  title={\rl{
تشدید پلاسمون سطحی نانوذرات نقره در بستر شیشه سودا-لایم تبادل یون شده 
    $\mathrm{Ag^+/Na^+}$}},
  school={\rl{دانشگاه تحصیلات تکمیلی علوم پایه زنجان}},
  year={\rl{2016}}
}
